pour author, les noms et prénoms sont séparés par une vigule, et les différents auteurs par AND

@Article{ref1,
author={Boyd, S. AND PARIKH, N. AND CHU, E. AND PELEATO, B AND ECKSTEIN, J},
journal={Foundation and Trends in Machine Learning},
title={Distributed Optimization and Statistical Learning via the Alternating Direction Method of Multipliers},
year={2010},
pages={1-122}
}

@book
{ref,
author={KANTOROVICH, L. V. AND KRYLOV, V. I.},
title={Appromixate methods of higher analysis},
publisher={Interscience Publishers},
year={1958},
pages={97}
}

@manual
{ref,
title={réparer son vaisseau},
author={Dupont, Nestor},
year={2009},
organization={l'Alliance}
}

@misc
{ref,
author={Les Zéros},
title={Le site du zéro},
month={jun},
year={2009},
note={www.siteduzero.com}
}

@phdthesis
{ref,
title={La Belle thèse},
author={Barbu, Monsieur},
school={Université},
year={2002}
}

@unpublished
{ref,
author={Mauvais, Monsieur},
title={Mon roman inachevé},
note={il est chouette mon roman},
year={2000},
month={feb}
}
